<record><leader>00000cas a22000007a 4500</leader><controlfield tag="001">25901901</controlfield><controlfield tag="008">920528d19301930wyuwr ne      0    0eng d</controlfield><datafield ind1=" " ind2=" " tag="010"><subfield code="a">sn 92067080 </subfield></datafield><datafield ind1=" " ind2=" " tag="040"><subfield code="a">NVO</subfield><subfield code="b">eng</subfield><subfield code="c">NVO</subfield><subfield code="d">OCLCQ</subfield></datafield><datafield ind1=" " ind2=" " tag="042"><subfield code="a">msc</subfield></datafield><datafield ind1="0" ind2=" " tag="130"><subfield code="a">Independent, Fremont County (Pavillion, Wyo.)</subfield></datafield><datafield ind1="1" ind2="4" tag="245"><subfield code="a">The Independent, Fremont County.</subfield></datafield><datafield ind1="1" ind2="3" tag="246"><subfield code="a">Fremont County independent</subfield></datafield><datafield ind1="3" ind2="0" tag="246"><subfield code="a">Fremont County, the independent</subfield></datafield><datafield ind1=" " ind2=" " tag="260"><subfield code="a">Pavillion, Fremont County, Wyo. :</subfield><subfield code="b">G.J. Long</subfield></datafield><datafield ind1=" " ind2=" " tag="300"><subfield code="a">v.</subfield></datafield><datafield ind1=" " ind2=" " tag="310"><subfield code="a">Weekly</subfield></datafield><datafield ind1="0" ind2=" " tag="362"><subfield code="a">Vol. 4, no. 35 (May 8, 1930)-v. 5, no. 9 (Oct. 16, 1930).</subfield></datafield><datafield ind1=" " ind2="4" tag="651"><subfield code="a">Fremont County (Wyo.)</subfield><subfield code="v">Newspapers.</subfield></datafield><datafield ind1=" " ind2=" " tag="752"><subfield code="a">United States</subfield><subfield code="b">Wyoming</subfield><subfield code="c">Fremont</subfield><subfield code="d">Pavillion.</subfield></datafield><datafield ind1="0" ind2="0" tag="780"><subfield code="t">Fremont County independent and Dubois guide</subfield><subfield code="w">(DLC)sn 92067081</subfield></datafield><datafield ind1="0" ind2="0" tag="785"><subfield code="t">Fremont County independent (Pavillion, Wyo.)</subfield><subfield code="w">(DLC)sn 92067079</subfield></datafield><datafield ind1="1" ind2=" " tag="029"><subfield code="a">AU@</subfield><subfield code="b">000020692674</subfield></datafield></record>